%Libros
@book{SCRM12,
    author = {Rubin, K.},
    title = {Essential Scrum: A practical guide to the most popular agile process},
    year = {2012},
    isbn = {0137043295},
    publisher = {Addison-Wesley Professional},
    edition = {1},
}

%Articulos

%Varios
@misc{SCRM0,
	Title = {Scrum (software development)},
	howpublished = "\url{https://en.wikipedia.org/wiki/Scrum_%28software_development%29}, consultado el 7 de julio de 2016"
}

@misc{SCRM1,
	Title = {Scrum Basics},
	howpublished = "\url{http://www.scrumguides.org/docs/scrumguide/v1/Scrum-Guide-ES.pdf}, consultado el 7 de julio de 2016"
}

@misc{SCRM2,
	Title = {Artefactos en Scrum: claves para una organizaci√≥n diaria},
	howpublished = "\url{http://www.desarrolloweb.com/articulos/artefactos-scrum.html}, consultado el 7 de julio de 2016"
}


